@book{robinson2013graph,
  title={Graph databases},
  author={Robinson, Ian and Webber, Jim and Eifrem, Emil},
  year={2013},
  publisher={" O'Reilly Media, Inc."}
}