@article{Munkhdalai2016,
    title = {{Neural Tree Indexers for Text Understanding}},
    year = {2016},
    author = {Munkhdalai, Tsendsuren and Yu, Hong},
    month = {7},
    url = {http://arxiv.org/abs/1607.04492},
    arxivId = {1607.04492}
}

@inproceedings{Baroni,
    title = {{Don't count, predict! A systematic comparison of context-counting vs. context-predicting semantic vectors}},
    year = {2014},
    booktitle = {Proceedings of the 52nd Annual Meeting of the Association for Computational Linguistics (Volume 1: Long Papers)},
    author = {Baroni, Marco and Dinu, Georgiana and Kruszewski, Germán},
    pages = {238--247},
    url = {http://clic.cimec.unitn.it/marco/publications/acl2014/baroni-etal-countpredict-acl2014.pdf http://aclweb.org/anthology/P14-1023},
    isbn = {9781937284725},
    doi = {10.3115/v1/P14-1023},
    issn = {1529-1898},
    pmid = {25246403},
    arxivId = {arXiv:1011.1669v3}
}

@article{Pennington,
    title = {{GloVe: Global Vectors for Word Representation}},
    author = {Pennington, Jeffrey and Socher, Richard and Manning, Christopher D},
    url = {https://nlp.stanford.edu/pubs/glove.pdf}
}

@article{Goldberg2014Word2vecMethod,
    title = {{word2vec Explained: deriving Mikolov et al.'s negative-sampling word-embedding method}},
    year = {2014},
    author = {Goldberg, Yoav and Levy, Omer},
    month = {2},
    url = {http://arxiv.org/abs/1402.3722},
    isbn = {2150-8097},
    doi = {10.1162/jmlr.2003.3.4-5.951},
    issn = {0003-6951},
    pmid = {903},
    arxivId = {1402.3722}
}

@article{TangD.andWeiF.andYangN.andZhouM.andLiuT.andQin2014LearningClassification,
    title = {{Learning sentiment-specific word embedding for twitter sentiment classification}},
    year = {2014},
    journal = {Proceedings of the 52nd Annual Meeting of the Association for Computational Linguistics},
    author = {Tang, D. and Wei, F. and Yang, N. and Zhou, M. and Liu, T. and Qin, B.},
    pages = {1555--1565},
    url = {https://pdfs.semanticscholar.org/ab78/33f9a57a5e59c8e7f8ec9c438793a51bd344.pdf},
    isbn = {9781937284725},
    doi = {10.3115/v1/P14-1146},
    issn = {03029743},
    pmid = {18487783},
    arxivId = {arXiv:1011.1669v3}
}

@inproceedings{Kotzias2015FromFeatures,
    title = {{From Group to Individual Labels Using Deep Features}},
    year = {2015},
    booktitle = {Proceedings of the 21th ACM SIGKDD International Conference on Knowledge Discovery and Data Mining - KDD '15},
    author = {Kotzias, Dimitrios and Denil, Misha and de Freitas, Nando and Smyth, Padhraic},
    pages = {597--606},
    url = {http://mdenil.com/media/papers/2015-deep-multi-instance-learning.pdf http://dl.acm.org/citation.cfm?doid=2783258.2783380},
    isbn = {9781450336642},
    doi = {10.1145/2783258.2783380},
    keywords = {I27 [Artificial Intelligence], Learning, Text analysis Keywords Multi-instance learning, deep learn-ing, sentiment analysis, unsupervised learning}
}

@inproceedings{AMikolov2013EfficientSpace,
    title = {{Efficient estimation of word representations in vector space}},
    year = {2013},
    booktitle = {Proceedings of Workshop at International Conference on Learning Representations},
    author = {AMikolov, Tomas and Chen, Kai and Corrado, Greg and Dean, Jeffrey},
    url = {https://arxiv.org/pdf/1301.3781.pdf}
}

@article{Bengio2003AModel,
    title = {{A Neural Probabilistic Language Model}},
    year = {2003},
    journal = {Journal of Machine Learning Research},
    author = {Bengio, Yoshua and Ducharme, Réjean and Vincent, Pascal and Jauvin, Christian},
    number = {Feb},
    pages = {1137--1155},
    volume = {3},
    url = {http://www.jmlr.org/papers/v3/bengio03a.html},
    issn = {ISSN 1533-7928}
}

@inproceedings{Goller1996LearningStructure,
    title = {{Learning task-dependent distributed representations by backpropagation through structure}},
    year = {1996},
    booktitle = {Proceedings of International Conference on Neural Networks (ICNN'96)},
    author = {Goller, C and Kuchler, A},
    pages = {347--352},
    volume = {1},
    url = {http://ieeexplore.ieee.org/abstract/document/548916/ http://ieeexplore.ieee.org/document/548916/},
    isbn = {0-7803-3210-5},
    doi = {10.1109/ICNN.1996.548916}
}

@article{Lin2011ParsingNetworks,
    title = {{Parsing Natural Scenes and Natural Language with Recursive Neural Networks}},
    year = {2011},
    journal = {Neural Networks},
    author = {Lin, Cliff Chiung-yu and Ng, Andrew Y and Manning, Christopher D},
    number = {Table 1},
    pages = {203--226},
    volume = {10},
    url = {http://machinelearning.wustl.edu/mlpapers/paper_files/ICML2011Socher_125.pdf http://www.socher.org/uploads/Main/SocherLinNgManning_ICML2011.pdf},
    isbn = {9781450306195},
    doi = {10.1111/j.1447-0594.2010.00605.x},
    issn = {1873233X},
    pmid = {22183238}
}

@article{Hochreiter1997NoTitle,
    title = {{No Title}},
    year = {1997},
    author = {Hochreiter, Sepp and Schmidhuber, Jürgen},
    number = {8},
    month = {11},
    pages = {1735--1780},
    volume = {9},
    publisher = { MIT Press  238 Main St., Suite 500, Cambridge, MA 02142-1046 USA journals-info@mit.edu  },
    url = {http://www.mitpressjournals.org/doi/abs/10.1162/neco.1997.9.8.1735 http://www.mitpressjournals.org/doi/10.1162/neco.1997.9.8.1735},
    doi = {10.1162/neco.1997.9.8.1735},
    issn = {0899-7667}
}

@article{Gatys2015AStyle,
    title = {{A Neural Algorithm of Artistic Style}},
    year = {2015},
    author = {Gatys, Leon A. and Ecker, Alexander S. and Bethge, Matthias},
    month = {8},
    url = {http://arxiv.org/abs/1508.06576},
    arxivId = {1508.06576}
}

@inproceedings{Socher2013RecursiveTreebank,
    title = {{Recursive deep models for semantic compositionality over a sentiment treebank}},
    year = {2013},
    booktitle = {EMNLP},
    author = {Socher, Richard and Perelygin, Alex and Wu, Jy},
    pages = {1631--1642},
    url = {https://nlp.stanford.edu/~socherr/EMNLP2013_RNTN.pdf http://nlp.stanford.edu/~socherr/EMNLP2013_RNTN.pdf%5Cnhttp://www.aclweb.org/anthology/D13-1170%5Cnhttp://aclweb.org/supplementals/D/D13/D13-1170.Attachment.pdf%5Cnhttp://oldsite.aclweb.org/anthology-ne},
    isbn = {9781937284978},
    doi = {10.1371/journal.pone.0073791},
    issn = {1932-6203},
    pmid = {24086296},
    arxivId = {1512.03385}
}

@article{SannerPYTHON:DEVELOPMENT,
    title = {{PYTHON: A PROGRAMMING LANGUAGE FOR SOFTWARE INTEGRATION AND DEVELOPMENT}},
    author = {Sanner, M F},
    url = {https://pdfs.semanticscholar.org/409d/3f740518eafcfaadb054d9239009f3f34600.pdf}
}

@article{CollobertTorch7:Learning,
    title = {{Torch7: A Matlab-like Environment for Machine Learning}},
    author = {Collobert, Ronan and Kavukcuoglu, Koray and Farabet, Clément},
    url = {https://infoscience.epfl.ch/record/192376/files/Collobert_NIPSWORKSHOP_2011.pdf}
}

@article{TangLearning,
    title = {{Learning Sentiment-Specific Word Embedding for Twitter Sentiment Classification *}},
    author = {Tang, Duyu and Wei, Furu and Yang, Nan and Zhou, Ming and Liu, Ting and Qin, Bing},
    pages = {1555--1565},
    url = {http://ir.hit.edu.cn/~dytang/paper/sswe/14ACL.pdf}
}

@article{Kim2016Character-AwareModels,
    title = {{Character-Aware Neural Language Models}},
    year = {2016},
    journal = {Thirtieth AAAI Conference on Artificial Intelligence},
    author = {Kim, Yoon and Jernite, Yacine and Sontag, David and Rush, Alexander M.},
    month = {3},
    url = {https://www.aaai.org/ocs/index.php/AAAI/AAAI16/paper/viewPaper/12489}
}

@article{DenilExtractionDocuments,
    title = {{Extraction of Salient Sentences from Labelled Documents}},
    author = {Denil, Misha and Demiraj, Alban and De Freitas, Nando},
    url = {https://arxiv.org/pdf/1412.6815.pdf}
}

@article{Mote2012NaturalSurvey,
    title = {{Natural Language Processing - A Survey}},
    year = {2012},
    author = {Mote, Kevin},
    month = {9},
    url = {http://arxiv.org/abs/1209.6238},
    arxivId = {1209.6238}
}

@article{Turney2002ThumbsReviews,
    title = {{Thumbs Up or Thumbs Down? Semantic Orientation Applied to Unsupervised Classification of Reviews}},
    year = {2002},
    author = {Turney, Peter D.},
    month = {12},
    url = {http://arxiv.org/abs/cs/0212032},
    arxivId = {cs/0212032}
}

@article{Pang2008OpinionAnalysis,
    title = {{Opinion Mining and Sentiment Analysis}},
    year = {2008},
    journal = {Foundations and Trends{\textregistered} in Information Retrieval},
    author = {Pang, Bo and Lee, Lillian},
    number = {1–2},
    pages = {1--135},
    volume = {2},
    publisher = {Now Publishers, Inc.},
    url = {http://www.nowpublishers.com/article/Details/INR-011},
    doi = {10.1561/1500000011},
    issn = {1554-0669},
    keywords = {Data mining, Information Retrieval, Information extraction, Machine Learning}
}

@article{Liu2012SentimentMining,
    title = {{Sentiment Analysis and Opinion Mining}},
    year = {2012},
    journal = {Sentiment Analysis and Opinion Mining},
    author = {Liu, Bing},
    publisher = {Morgan {\&} Claypool Publishers},
    url = {http://citeseerx.ist.psu.edu/viewdoc/download?doi=10.1.1.244.9480&rep=rep1&type=pdf}
}

@article{PangThumbsTechniques,
    title = {{Thumbs up? Sentiment Classification using Machine Learning Techniques}},
    author = {Pang, Bo and Lee, Lillian and Vaithyanathan, Shivakumar},
    pages = {79--86},
    url = {https://www.cs.cornell.edu/home/llee/papers/sentiment.pdf}
}

@article{MEMORIAENICOLAIVANWIJKDEDICATAedendacuratNRJANUASTRUCTURES,
    title = {{JANUA LINGUARUM SYNTACTIC STRUCTURES}},
    author = {MEMORIAE NICOLAI VAN WIJK DEDICATA edenda curat NR, Studia I and Van Schooneveld, C H and - L A M Noam Chomsky, Howard E},
    url = {http://ewan.website/egg-course-1/readings/syntactic_structures.pdf}
}

@article{WangCombinationTexts,
    title = {{Combination of Convolutional and Recurrent Neural Network for Sentiment Analysis of Short Texts}},
    author = {Wang, Xingyou and Jiang, Weijie and Luo, Zhiyong},
    pages = {2428--2437},
    url = {https://www.aclweb.org/anthology/C/C16/C16-1229.pdf}
}

@article{Medhat2014SentimentSurvey,
    title = {{Sentiment analysis algorithms and applications: A survey}},
    year = {2014},
    journal = {Ain Shams Engineering Journal},
    author = {Medhat, Walaa and Hassan, Ahmed and Korashy, Hoda},
    number = {4},
    month = {12},
    pages = {1093--1113},
    volume = {5},
    url = {http://linkinghub.elsevier.com/retrieve/pii/S2090447914000550 http://ac.els-cdn.com/S2090447914000550/1-s2.0-S2090447914000550-main.pdf?_tid=58277786-5b02-11e7-a454-00000aacb361&acdnat=1498545308_f16933415a41d6d647f46eeaa5b24343},
    doi = {10.1016/j.asej.2014.04.011},
    issn = {20904479},
    keywords = {Building resources, Emotion detection, Feature selection, Sentiment analysis, Sentiment classification, Transfer learning}
}

@article{Bengio1994LearningDifficult,
    title = {{Learning long-term dependencies with gradient descent is difficult}},
    year = {1994},
    journal = {IEEE transactions on neural},
    author = {Bengio, Y and Simard, P and Frasconi, P},
    url = {http://ieeexplore.ieee.org/abstract/document/279181/}
}

@article{Bengio2007GreedyNetworks,
    title = {{Greedy layer-wise training of deep networks}},
    year = {2007},
    journal = {Advances in neural},
    author = {Bengio, Y and Lamblin, P and Popovici, D},
    url = {http://papers.nips.cc/paper/3048-greedy-layer-wise-training-of-deep-networks.pdf}
}

@article{Bowman2015Tree-structuredArchitectures,
    title = {{Tree-structured composition in neural networks without tree-structured architectures}},
    year = {2015},
    journal = {Proceedings of the 2015th},
    author = {Bowman, SR and Manning, CD and Potts, C},
    url = {http://dl.acm.org/citation.cfm?id=2996836}
}

@article{Bowman2016AUnderstanding,
    title = {{A fast unified model for parsing and sentence understanding}},
    year = {2016},
    journal = {arXiv preprint arXiv:},
    author = {Bowman, SR and Gauthier, J and Rastogi, A and Gupta, R},
    url = {https://arxiv.org/abs/1603.06021}
}

@article{Britz2017MassiveArchitectures,
    title = {{Massive Exploration of Neural Machine Translation Architectures}},
    year = {2017},
    author = {Britz, Denny and Goldie, Anna and Luong, Minh-Thang and Le, Quoc},
    month = {3},
    url = {http://arxiv.org/abs/1703.03906},
    arxivId = {1703.03906}
}

@article{ChenEvaluationModels,
    title = {{Evaluation Metrics For Language Models}},
    author = {Chen, Stanley F and Beeferman, Douglas and Rosenfeld, Roni and Chen, Stanley and Rosenfeld, Ronald},
    url = {http://repository.cmu.edu/compsci}
}

@article{Cho2014OnApproaches,
    title = {{On the properties of neural machine translation: Encoder-decoder approaches}},
    year = {2014},
    journal = {arXiv preprint arXiv:},
    author = {Cho, K and Merri{\"{e}}nboer, B Van and Bahdanau, D},
    url = {https://arxiv.org/abs/1409.1259}
}

@article{Chung2014EmpiricalModeling,
    title = {{Empirical Evaluation of Gated Recurrent Neural Networks on Sequence Modeling}},
    year = {2014},
    author = {Chung, Junyoung and Gulcehre, Caglar and Cho, KyungHyun and Bengio, Yoshua},
    month = {12},
    url = {http://arxiv.org/abs/1412.3555},
    arxivId = {1412.3555}
}

@article{Collobert2011Torch7:Learning,
    title = {{Torch7: A matlab-like environment for machine learning}},
    year = {2011},
    journal = {BigLearn, NIPS},
    author = {Collobert, R and Kavukcuoglu, K},
    url = {https://infoscience.epfl.ch/record/192376/files/Collobert_NIPSWORKSHOP_2011.pdf}
}

@article{Collobert2011NaturalScratch,
    title = {{Natural language processing (almost) from scratch}},
    year = {2011},
    journal = {Journal of Machine},
    author = {Collobert, R and Weston, J and Bottou, L and Karlen, M},
    url = {http://www.jmlr.org/papers/v12/collobert11a.html}
}

@article{Dahl2010PhoneMachine,
    title = {{Phone recognition with the mean-covariance restricted Boltzmann machine}},
    year = {2010},
    journal = {Advances in neural information},
    author = {Dahl, G and Mohamed, A and Hinton, GE},
    url = {http://papers.nips.cc/paper/4169-phone-recognition-with-the-mean-covariance-restricted-boltzmann-machine}
}

@article{Dai2015Semi-supervisedLearning,
    title = {{Semi-supervised sequence learning}},
    year = {2015},
    journal = {Advances in Neural Information Processing Systems},
    author = {Dai, AM and Le, QV},
    url = {http://papers.nips.cc/paper/5949-semi-supervised-sequence-learning}
}

@article{Duchi2011AdaptiveOptimization,
    title = {{Adaptive subgradient methods for online learning and stochastic optimization}},
    year = {2011},
    journal = {Journal of Machine Learning Research},
    author = {Duchi, J and Hazan, E and Singer, Y},
    url = {http://www.jmlr.org/papers/v12/duchi11a.html}
}

@article{Erhan2010WhyLearning,
    title = {{Why does unsupervised pre-training help deep learning?}},
    year = {2010},
    journal = {Journal of Machine},
    author = {Erhan, D and Bengio, Y and Courville, A and Manzagol, PA},
    url = {http://www.jmlr.org/papers/v11/erhan10a.html}
}

@article{Firat2016Multi-WayMechanism,
    title = {{Multi-Way, Multilingual Neural Machine Translation with a Shared Attention Mechanism}},
    year = {2016},
    author = {Firat, Orhan and Cho, Kyunghyun and Bengio, Yoshua},
    month = {1},
    url = {http://arxiv.org/abs/1601.01073},
    arxivId = {1601.01073}
}

@article{Gers2000RecurrentCount,
    title = {{Recurrent nets that time and count}},
    year = {2000},
    journal = {2000, Proceedings of the IEEE-INNS {\ldots}},
    author = {Gers, FA and Schmidhuber, J},
    url = {http://ieeexplore.ieee.org/abstract/document/861302/}
}

@article{Hirst2017SynthesisLinguistics,
    title = {{Synthesis Lectures on Human Language Technologies Editor Neural Network Methods for Natural Language Processing Syntax-based Statistical Machine Translation Domain-Sensitive Temporal Tagging Linked Lexical Knowledge Bases: Foundations and Applications Bayesian Analysis in Natural Language Processing Metaphor: A Computational Perspective Grammatical Inference for Computational Linguistics}},
    year = {2017},
    author = {Hirst, Graeme and Goldberg, Yoav and Williams, Philip and Sennrich, Rico and Post, Matt and Koehn, Philipp and Str{\"{o}}tgen, Jannik and Gertz, Michael and Gurevych, Iryna and Eckle-Kohler, Judith and Matuschek, Michael and Cohen, Shay and Veale, Tony and Shutova, Ekaterina and Klebanov, Beata Beigman and Heinz, Jeffrey and De La Higuera, Colin and Van Zaanen, Menno},
    url = {http://www.morganclaypoolpublishers.com/catalog_Orig/samples/9781627052955_sample.pdf}
}

@article{Goldberg2017NeuralProcessing,
    title = {{Neural Network Methods for Natural Language Processing}},
    year = {2017},
    journal = {Synthesis Lectures on Human Language Technologies},
    author = {Goldberg, Yoav},
    number = {1},
    month = {4},
    pages = {1--309},
    volume = {10},
    url = {http://www.morganclaypool.com/doi/10.2200/S00762ED1V01Y201703HLT037},
    doi = {10.2200/S00762ED1V01Y201703HLT037},
    issn = {1947-4040}
}

@book{Graves2012SupervisedNetworks,
    title = {{Supervised sequence labelling with recurrent neural networks}},
    year = {2012},
    author = {Graves, A},
    url = {http://link.springer.com/content/pdf/10.1007/978-3-642-24797-2.pdf}
}

@article{Graves2013HybridLSTM,
    title = {{Hybrid speech recognition with deep bidirectional LSTM}},
    year = {2013},
    journal = {Speech Recognition and  {\ldots}},
    author = {Graves, A and Jaitly, N and Mohamed, A},
    url = {http://ieeexplore.ieee.org/abstract/document/6707742/}
}

@article{Graves2013SpeechNetworks,
    title = {{Speech recognition with deep recurrent neural networks}},
    year = {2013},
    journal = {Acoustics, speech and signal},
    author = {Graves, A and Mohamed, A and Hinton, G},
    url = {http://ieeexplore.ieee.org/abstract/document/6638947/}
}

@article{Graves2016HybridMemory,
    title = {{Hybrid computing using a neural network with dynamic external memory}},
    year = {2016},
    journal = {Nature},
    author = {Graves, A and Wayne, G and Reynolds, M and Harley, T and Danihelka, I},
    url = {https://www.nature.com/nature/journal/v538/n7626/abs/nature20101.html}
}

@article{Greff2016LSTM:Odyssey,
    title = {{LSTM: A search space odyssey}},
    year = {2016},
    journal = {IEEE transactions on},
    author = {Greff, K and Srivastava, RK and Koutn{\'{i}}k, J},
    url = {http://ieeexplore.ieee.org/abstract/document/7508408/}
}

@article{Gulcehre2016KnowledgeOptimization,
    title = {{Knowledge matters: Importance of prior information for optimization}},
    year = {2016},
    journal = {Journal of Machine Learning Research},
    author = {G{\"{u}}l{\c{c}}ehre, Ç and Bengio, Y},
    url = {http://www.jmlr.org/papers/volume17/gulchere16a/gulchere16a.pdf}
}

@article{Hahnloser2000DigitalCircuit,
    title = {{Digital selection and analogue amplification coexist in a cortex-inspired silicon circuit}},
    year = {2000},
    journal = {Nature},
    author = {Hahnloser, RHR and Sarpeshkar, R and Mahowald, MA},
    url = {http://search.proquest.com/openview/0b9484fc2eaa19db09b3f641230ec618/1?pq-origsite=gscholar&cbl=40569}
}

@article{Kingma2013Auto-EncodingBayes,
    title = {{Auto-Encoding Variational Bayes}},
    year = {2013},
    author = {Kingma, Diederik P and Welling, Max},
    month = {12},
    url = {http://arxiv.org/abs/1312.6114},
    arxivId = {1312.6114}
}

@article{Hinton2006ANets,
    title = {{A fast learning algorithm for deep belief nets}},
    year = {2006},
    journal = {Neural computation},
    author = {Hinton, GE and Osindero, S and Teh, YW},
    url = {http://www.mitpressjournals.org/doi/abs/10.1162/neco.2006.18.7.1527}
}

@article{Hinton2012ImprovingDetectors,
    title = {{Improving neural networks by preventing co-adaptation of feature detectors}},
    year = {2012},
    journal = {arXiv preprint arXiv:},
    author = {Hinton, GE and Srivastava, N and Krizhevsky, A},
    url = {https://arxiv.org/abs/1207.0580}
}

@article{Irsoy2014DeepLanguage,
    title = {{Deep recursive neural networks for compositionality in language}},
    year = {2014},
    journal = {Advances in neural information processing},
    author = {Irsoy, O and Cardie, C},
    url = {http://papers.nips.cc/paper/5551-deep-recursive-neural-networks-for-compositionality-in-language}
}

@book{Jaeger2002TutorialApproach,
    title = {{Tutorial on training recurrent neural networks, covering BPPT, RTRL, EKF and the{\&}quot; echo state network{\&}quot; approach}},
    year = {2002},
    author = {Jaeger, H},
    url = {http://www.pdx.edu/sites/www.pdx.edu.sysc/files/Jaeger_TrainingRNNsTutorial.2005.pdf}
}

@article{Jozefowicz2016ExploringModeling,
    title = {{Exploring the limits of language modeling}},
    year = {2016},
    journal = {arXiv preprint arXiv:},
    author = {Jozefowicz, R and Vinyals, O and Schuster, M},
    url = {https://arxiv.org/abs/1602.02410}
}

@article{Kalchbrenner2014ASentences,
    title = {{A convolutional neural network for modelling sentences}},
    year = {2014},
    journal = {arXiv preprint arXiv:},
    author = {Kalchbrenner, N and Grefenstette, E and Blunsom, P},
    url = {https://arxiv.org/abs/1404.2188}
}

@article{Karpathy2015VisualizingNetworks,
    title = {{Visualizing and Understanding Recurrent Networks}},
    year = {2015},
    author = {Karpathy, Andrej and Johnson, Justin and Fei-Fei, Li},
    month = {6},
    url = {http://arxiv.org/abs/1506.02078},
    arxivId = {1506.02078}
}

@article{Krizhevsky2012ImagenetNetworks,
    title = {{Imagenet classification with deep convolutional neural networks}},
    year = {2012},
    journal = {Advances in neural},
    author = {Krizhevsky, A and Sutskever, I and Hinton, GE},
    url = {http://papers.nips.cc/paper/4824-imagenet-classification-with-deep-convolutional-neural-networks}
}

@article{Le2014DistributedDocuments,
    title = {{Distributed representations of sentences and documents}},
    year = {2014},
    journal = {Proceedings of the 31st International Conference on},
    author = {Le, Q and Mikolov, T},
    url = {http://www.jmlr.org/proceedings/papers/v32/le14.pdf}
}

@article{Liu2012SentimentMiningb,
    title = {{Sentiment analysis and opinion mining}},
    year = {2012},
    journal = {Synthesis lectures on human language technologies},
    author = {Liu, B},
    url = {http://www.morganclaypool.com/doi/abs/10.2200/s00416ed1v01y201204hlt016}
}

@article{Luong2013BetterMorphology.,
    title = {{Better word representations with recursive neural networks for morphology.}},
    year = {2013},
    journal = {CoNLL},
    author = {Luong, T and Socher, R and Manning, CD},
    url = {http://www.aclweb.org/website/old_anthology/W/W13/W13-35.pdf#page=116}
}

@article{Marelli2014SemEval-2014Entailment.,
    title = {{SemEval-2014 Task 1: Evaluation of Compositional Distributional Semantic Models on Full Sentences through Semantic Relatedness and Textual Entailment.}},
    year = {2014},
    journal = {SemEval@},
    author = {Marelli, M and Bentivogli, L and Baroni, M and Bernardi, R},
    url = {https://www.aclweb.org/anthology/S/S14/S14-2.pdf#page=21}
}

@article{Miao2015EESEN:Decoding,
    title = {{EESEN: End-to-end speech recognition using deep RNN models and WFST-based decoding}},
    year = {2015},
    journal = {Automatic Speech Recognition},
    author = {Miao, Y and Gowayyed, M and Metze, F},
    url = {http://ieeexplore.ieee.org/abstract/document/7404790/}
}

@article{Mikolov2013DistributedCompositionality,
    title = {{Distributed representations of words and phrases and their compositionality}},
    year = {2013},
    journal = {Advances in neural},
    author = {Mikolov, T and Sutskever, I and Chen, K and Corrado, GS},
    url = {http://papers.nips.cc/paper/5021-distributed-representations-of-words-and-phrases-and-their-compositionality}
}

@article{Mikolov2010RecurrentModel.,
    title = {{Recurrent neural network based language model.}},
    year = {2010},
    journal = {Interspeech},
    author = {Mikolov, T and Karafi{\'{a}}t, M and Burget, L and Cernock{\'{y}}, J},
    url = {http://www.fit.vutbr.cz/research/groups/speech/servite/2010/rnnlm_mikolov.pdf}
}

@article{Million2007TheProduct,
    title = {{The Hadamard Product}},
    year = {2007},
    author = {Million, Elizabeth},
    url = {http://buzzard.ups.edu/courses/2007spring/projects/million-paper.pdf}
}

@article{Mozer1989ARecognition,
    title = {{A focused back-propagation algorithm for temporal pattern recognition}},
    year = {1989},
    journal = {Complex systems},
    author = {Mozer, MC},
    url = {http://www.cs.colorado.edu/~mozer/Research/Selected%20Publications/reprints/Mozer1989.pdf}
}

@article{Nair2010RectifiedMachines,
    title = {{Rectified linear units improve restricted boltzmann machines}},
    year = {2010},
    journal = {Proceedings of the 27th international},
    author = {Nair, V and Hinton, GE},
    url = {http://machinelearning.wustl.edu/mlpapers/paper_files/icml2010_NairH10.pdf}
}

@article{Nallapati2016Sequence-to-sequenceSummarization,
    title = {{Sequence-to-sequence rnns for text summarization}},
    year = {2016},
    author = {Nallapati, R and Xiang, B and Zhou, B},
    url = {https://openreview.net/forum?id=gZ9OMgQWoIAPowrRUAN6&noteId=gZ9OMgQWoIAPowrRUAN6}
}

@article{Nivre2016UniversalCollection.,
    title = {{Universal Dependencies v1: A Multilingual Treebank Collection.}},
    year = {2016},
    journal = {LREC},
    author = {Nivre, J and Marneffe, MC de and Ginter, F and Goldberg, Y},
    url = {http://www-nlp.stanford.edu/pubs/nivre2016ud.pdf}
}

@article{Olah2016AttentionNetworks,
    title = {{Attention and augmented recurrent neural networks}},
    year = {2016},
    journal = {Distill},
    author = {Olah, C and Carter, S},
    url = {http://distill.pub/2016/augmented-rnns/}
}

@article{Pang2005SeeingScales,
    title = {{Seeing stars: Exploiting class relationships for sentiment categorization with respect to rating scales}},
    year = {2005},
    journal = {Proceedings of the 43rd annual meeting on association},
    author = {Pang, B and Lee, L},
    url = {http://dl.acm.org/citation.cfm?id=1219855}
}

@article{Pang2002ThumbsTechniques,
    title = {{Thumbs up?: sentiment classification using machine learning techniques}},
    year = {2002},
    journal = {of the ACL-02 conference on  {\ldots}},
    author = {Pang, B and Lee, L and Vaithyanathan, S},
    url = {http://dl.acm.org/citation.cfm?id=1118704}
}

@article{Pascanu2012UnderstandingProblem,
    title = {{Understanding the exploding gradient problem}},
    year = {2012},
    journal = {CoRR, abs/1211.5063},
    author = {Pascanu, R and Mikolov, T and Bengio, Y},
    url = {https://pdfs.semanticscholar.org/728d/814b92a9d2c6118159bb7d9a4b3dc5eeaaeb.pdf}
}

@article{Schmidhuber2015DeepOverview,
    title = {{Deep learning in neural networks: An overview}},
    year = {2015},
    journal = {Neural networks},
    author = {Schmidhuber, J},
    url = {http://www.sciencedirect.com/science/article/pii/S0893608014002135}
}

@article{Siegelmann1995OnNets,
    title = {{On the computational power of neural nets}},
    year = {1995},
    journal = {Journal of computer and system sciences},
    author = {Siegelmann, HT and Sontag, ED},
    url = {http://www.sciencedirect.com/science/article/pii/S0022000085710136}
}

@article{Wang2016CombinationTexts.,
    title = {{Combination of Convolutional and Recurrent Neural Network for Sentiment Analysis of Short Texts.}},
    year = {2016},
    journal = {COLING},
    author = {Wang, X and Jiang, W and Luo, Z},
    url = {https://www.aclweb.org/anthology/C/C16/C16-1229.pdf}
}

@article{Wieting2015TowardsEmbeddings,
    title = {{Towards universal paraphrastic sentence embeddings}},
    year = {2015},
    journal = {arXiv preprint arXiv:},
    author = {Wieting, J and Bansal, M and Gimpel, K and Livescu, K},
    url = {https://arxiv.org/abs/1511.08198}
}

@article{Yin2016MultichannelClassification,
    title = {{Multichannel Variable-Size Convolution for Sentence Classification}},
    year = {2016},
    author = {Yin, Wenpeng and Sch{\"{u}}tze, Hinrich},
    month = {3},
    url = {http://arxiv.org/abs/1603.04513},
    arxivId = {1603.04513}
}

@article{Zaremba2014LearningExecute,
    title = {{Learning to Execute}},
    year = {2014},
    author = {Zaremba, Wojciech and Sutskever, Ilya},
    month = {10},
    url = {http://arxiv.org/abs/1410.4615},
    arxivId = {1410.4615}
}

@article{McAuley2013HiddenText,
    title = {{Hidden factors and hidden topics: understanding rating dimensions with review text}},
    year = {2013},
    journal = {Proceedings of the 7th ACM conference on},
    author = {McAuley, J and Leskovec, J},
    url = {http://dl.acm.org/citation.cfm?id=2507163}
}

@article{He2016NoTitle,
    title = {{No Title}},
    year = {2016},
    journal = {Proceedings of the 25th International Conference on},
    author = {He, Ruining and McAuley, Julian},
    month = {2},
    url = {http://dl.acm.org/citation.cfm?id=2883037 http://arxiv.org/abs/1602.01585 http://dx.doi.org/10.1145/2872427.2883037},
    doi = {10.1145/2872427.2883037},
    arxivId = {1602.01585}
}

@article{KumarNoTitle,
    title = {{No Title}},
    journal = {Conference on Machine {\ldots}},
    author = {Kumar, Ankit and Irsoy, Ozan and Ondruska, Peter and Iyyer, Mohit and Bradbury, James and Gulrajani, Ishaan and Zhong, Victor and Paulus, Romain and Socher, Richard and Bradbury, {james and Com, Rsocher}@salesforce},
    month = {6},
    url = {http://proceedings.mlr.press/v48/kumar16.pdf http://www.jmlr.org/proceedings/papers/v48/kumar16.html http://arxiv.org/abs/1506.07285},
    arxivId = {1506.07285}
}

@article{Rumelhart1988LearningErrors,
    title = {{Learning representations by back-propagating errors}},
    year = {1988},
    journal = {Cognitive modeling},
    author = {Rumelhart, DE and Hinton, GE and Williams, RJ},
    url = {https://www.google.com/books?hl=en&lr=&id=FJblV_iOPjIC&oi=fnd&pg=PA213&dq=Learning+representations+by+back-propagating+errors&ots=z_Cj4lE0ZW&sig=ouC3v_lZTdefKOUrjpFBBL-aGDw https://www.google.com/books?hl=en&lr=&id=FJblV_iOPjIC&oi=fnd&pg=PA213&dq=Learning}
}

@article{McAuley2015Image-basedSubstitutes,
    title = {{Image-based recommendations on styles and substitutes}},
    year = {2015},
    journal = {Proceedings of the 38th},
    author = {McAuley, J and Targett, C and Shi, Q},
    url = {http://dl.acm.org/citation.cfm?id=2767755}
}

@article{Full-text,
    title = {{full-text}}
}

@article{Rush2015ASummarization,
    title = {{A Neural Attention Model for Abstractive Sentence Summarization}},
    year = {2015},
    author = {Rush, Alexander M. and Chopra, Sumit and Weston, Jason},
    month = {9},
    url = {https://arxiv.org/pdf/1509.00685.pdfï¼‰ http://arxiv.org/abs/1509.00685},
    arxivId = {1509.00685}
}

@article{BowmanSPottsCManningC2014RecursiveSemantics,
    title = {{Recursive neural networks for learning logical semantics}},
    year = {2014},
    journal = {CoRR, abs/1406.1827},
    author = {{Bowman S Potts C Manning C} and Bowman, SR and Potts, C and Manning, CD},
    url = {https://www.researchgate.net/profile/Christoper_Manning/publication/262974821_Recursive_Neural_Networks_Can_Learn_Logical_Semantics/links/552d4dc60cf2e089a3ad6bbf.pdf}
}

@article{JozefowiczExploringModeling,
    title = {{Exploring the Limits of Language Modeling}},
    author = {Jozefowicz, Rafal and Vinyals, Oriol and Schuster, Mike and Shazeer, Noam and Wu, Yonghui},
    url = {https://arxiv.org/pdf/1602.02410.pdf}
}

@article{Heafield2011KenLM:Queries,
    title = {{KenLM: Faster and Smaller Language Model Queries}},
    year = {2011},
    author = {Heafield, Kenneth},
    pages = {187--197},
    url = {http://delivery.acm.org/10.1145/2140000/2132986/p187-heafield.pdf?ip=210.245.114.30&id=2132986&acc=OPEN&key=4D4702B0C3E38B35%2E4D4702B0C3E38B35%2E4D4702B0C3E38B35%2E6D218144511F3437&CFID=831970653&CFTOKEN=29614067&__acm__=1511249820_513048dd080c4db1953432525b7c7708}
}

@article{Sproat2001NormalizationWords,
    title = {{Normalization of non-standard words}},
    year = {2001},
    journal = {Computer Speech and Language},
    author = {Sproat, Richard and Black, Alan W and Chen, Stanley and Kumar, Shankar and Ostendorf, Mari and Richards, Christopher},
    pages = {287--333},
    volume = {15},
    url = {http://www.idealibrary.com},
    doi = {10.1006/csla.2001.0169}
}

@article{JuAApplications,
    title = {{A Language-Modeling Approach to Inverse Text Normalization and Data Cleanup for Multimodal Voice Search Applications}},
    author = {Ju, Yun-Cheng and Odell, Julian},
    url = {https://www.microsoft.com/en-us/research/wp-content/uploads/2016/02/IS080913.pdf},
    keywords = {Index Terms, inverse text normalization, language model, language resources, multimodal, text normalization, transduction, voice search}
}

@article{Green2014Phrasal:Translation,
    title = {{Phrasal: A Toolkit for New Directions in Statistical Machine Translation}},
    year = {2014},
    journal = {Proceedings of the Ninth Workshop on Statistical Machine Translation},
    author = {Green, Spence and Cer, Daniel and Manning, Christopher D},
    pages = {114--121},
    url = {http://www.spencegreen.com/pubs/green+cer+manning.phrasal.wmt14.pdf}
}

@article{OchAModels,
    title = {{A Systematic Comparison of Various Statistical Alignment Models}},
    author = {Och, Franz Josef and Ney, Hermann},
    url = {http://www.mitpressjournals.org/doi/pdfplus/10.1162/089120103321337421}
}

@article{Mcfee2015Librosa:Python,
    title = {{librosa: Audio and Music Signal Analysis in Python}},
    year = {2015},
    journal = {PROC. OF THE 14th PYTHON IN SCIENCE CONF},
    author = {Mcfee, Brian and Raffel, Colin and Liang, Dawen and Ellis, Daniel P W and Mcvicar, Matt and Battenberg, Eric and Nieto, Oriol},
    url = {http://conference.scipy.org/proceedings/scipy2015/pdfs/brian_mcfee.pdf},
    keywords = {Index Terms—audio, music, signal processing}
}

@article{VaswaniAttentionNeed,
    title = {{Attention Is All You Need}},
    author = {Vaswani, Ashish and Shazeer, Noam and Parmar, Niki and Uszkoreit, Jakob and Jones, Llion and Gomez, Aidan N and Kaiser, Łukasz and Polosukhin, Illia},
    url = {https://arxiv.org/pdf/1706.03762.pdf}
}

@article{LamportTheProblem,
    title = {{The Byzantine Generals Problem}},
    author = {Lamport, Leslie and Shostak, Robert and Pease, Marshall},
    url = {http://citeseerx.ist.psu.edu/viewdoc/download?doi=10.1.1.126.9525&rep=rep1&type=pdf},
    keywords = {Algorithms, C24 [Computer-Communication Networks], Categories and Subject Descriptors, Communications Management--network communication, D44 [Operating Systems], D45 [Operating Systems], Distributed Systems--network operating systems, Interactive consistency /, Reliability Additional Key Words and Phrases, Reliability--fault tolerance General Terms}
}

@article{SScHWarTzMArTiAHeArsTATEXT,
    title = {{A SIM PLE ALGO RITH M FOR IDENTIFYING ABBREVIATION DEFINITIONS IN B IO M EDICAL TEXT}},
    author = {S Sc H War Tz M Ar Ti A He Ars T, Arie L},
    url = {http://biotext.berkeley.edu/papers/psb03.pdf}
}

@article{Tai2015ImprovedNetworks,
    title = {{Improved Semantic Representations From Tree-Structured Long Short-Term Memory Networks}},
    year = {2015},
    author = {Tai, Kai Sheng and Socher, Richard and Manning, Christopher D.},
    month = {2},
    url = {https://arxiv.org/pdf/1503.00075.pdf http://arxiv.org/abs/1503.00075},
    arxivId = {1503.00075}
}

@article{Kim2014ConvolutionalClassification,
    title = {{Convolutional Neural Networks for Sentence Classification}},
    year = {2014},
    author = {Kim, Yoon},
    month = {8},
    url = {http://arxiv.org/abs/1408.5882 https://arxiv.org/pdf/1408.5882.pdf},
    arxivId = {1408.5882}
}

@article{Sze2017EfficientSurvey,
    title = {{Efficient Processing of Deep Neural Networks: A Tutorial and Survey}},
    year = {2017},
    author = {Sze, Vivienne and Chen, Yu-Hsin and Yang, Tien-Ju and Emer, Joel},
    month = {3},
    url = {http://arxiv.org/abs/1703.09039},
    arxivId = {1703.09039}
}

@article{ZhangIntegratingRecognition,
    title = {{Integrating Deep Features for Material Recognition}},
    author = {Zhang, Yan and Ozay, Mete and Liu, Xing and Okatani, Takayuki},
    url = {https://arxiv.org/pdf/1511.06522.pdf}
}

@article{CartasRecognizingPhoto-Streams,
    title = {{Recognizing Daily Activities from Egocentric Photo-Streams}},
    author = {Cartas, Alejandro},
    arxivId = {arXiv:1710.04112v1},
    keywords = {activity, deep learning, egocentric vision, lifelogging, recognition, recurrent neural networks}
}

@article{Das2017EmbodiedAnswering,
    title = {{Embodied Question Answering}},
    year = {2017},
    author = {Das, Abhishek and Datta, Samyak and Gkioxari, Georgia and Lee, Stefan and Parikh, Devi and Batra, Dhruv},
    url = {http://arxiv.org/abs/1711.11543},
    arxivId = {1711.11543}
}

@article{KafleVisualChallenges,
    title = {{Visual Question Answering: Datasets, Algorithms, and Future Challenges}},
    author = {Kafle, Kushal and Kanan, Christopher},
    pages = {1--37},
    arxivId = {arXiv:1610.01465v4}
}

@misc{Duan2011OnlineCompletion,
    title = {{Online Spelling Correction for Query Completion}},
    year = {2011},
    author = {Duan, Huizhong and Hsu, Bo-June (Paul)},
    month = {3},
    url = {https://www.microsoft.com/en-us/research/publication/online-spelling-correction-for-query-completion/}
}

@article{Damerau1964AErrors,
    title = {{A technique for computer detection and correction of spelling errors}},
    year = {1964},
    journal = {Communications of the ACM},
    author = {Damerau, Fred J.},
    number = {3},
    month = {3},
    pages = {171--176},
    volume = {7},
    url = {http://portal.acm.org/citation.cfm?doid=363958.363994},
    isbn = {0000000000},
    doi = {10.1145/363958.363994},
    issn = {00010782},
    pmid = {363994}
}

@article{Kukich1992TechniqueText,
    title = {{Technique for automatically correcting words in text}},
    year = {1992},
    journal = {ACM Computing Surveys},
    author = {Kukich, Karen},
    number = {4},
    pages = {377--439},
    volume = {24},
    url = {http://dc-pubs.dbs.uni-leipzig.de/files/Kukich1992Techniqueforautomatically.pdf http://portal.acm.org/citation.cfm?doid=146370.146380},
    isbn = {0360-0300},
    doi = {10.1145/146370.146380},
    issn = {03600300}
}

@article{Wagner1974TheProblem,
    title = {{The String-to-String Correction Problem}},
    year = {1974},
    journal = {Journal of the ACM},
    author = {Wagner, Robert A and Fischer, Michael J},
    number = {1},
    pages = {168--173},
    volume = {21},
    url = {http://www.inrg.csie.ntu.edu.tw/algorithm2014/homework/Wagner-74.pdf http://portal.acm.org/citation.cfm?doid=321796.321811},
    isbn = {0004-5411},
    doi = {10.1145/321796.321811},
    issn = {00045411},
    keywords = {Ann PHR¢SES, correction, editing, longest common subsequence, spelling correc-tion, string correction, string modification}
}

@article{Mitton1987SpellingSpellers,
    title = {{Spelling checkers, spelling correctors and the misspellings of poor spellers}},
    year = {1987},
    journal = {Information Processing and Management},
    author = {Mitton, Roger},
    number = {5},
    pages = {495--505},
    volume = {23},
    doi = {10.1016/0306-4573(87)90116-6},
    issn = {03064573}
}

@article{Hu2017Squeeze-and-ExcitationNetworks,
    title = {{Squeeze-and-Excitation Networks}},
    year = {2017},
    author = {Hu, Jie and Shen, Li and Sun, Gang},
    month = {9},
    url = {http://arxiv.org/abs/1709.01507},
    arxivId = {1709.01507}
}

@article{He2017MaskR-CNN,
    title = {{Mask R-CNN}},
    year = {2017},
    author = {He, Kaiming and Gkioxari, Georgia and Doll{\'{a}}r, Piotr and Girshick, Ross},
    month = {3},
    url = {http://arxiv.org/abs/1703.06870},
    arxivId = {1703.06870}
}

@article{Lu2016HierarchicalAnswering,
    title = {{Hierarchical Question-Image Co-Attention for Visual Question Answering}},
    year = {2016},
    author = {Lu, Jiasen and Yang, Jianwei and Batra, Dhruv and Parikh, Devi},
    month = {5},
    url = {http://arxiv.org/abs/1606.00061},
    issn = {10495258},
    arxivId = {1606.00061}
}

@article{Zhang2016QuestionInformation,
    title = {{Question Answering over Knowledge Base with Neural Attention Combining Global Knowledge Information}},
    year = {2016},
    author = {Zhang, Yuanzhe and Liu, Kang and He, Shizhu and Ji, Guoliang and Liu, Zhanyi and Wu, Hua and Zhao, Jun},
    url = {https://arxiv.org/pdf/1606.00979.pdf http://arxiv.org/abs/1606.00979},
    arxivId = {1606.00979}
}

@inproceedings{Bao2014Knowledge-BasedTranslation,
    title = {{Knowledge-Based Question Answering as Machine Translation}},
    year = {2014},
    booktitle = {Proceedings of the 52nd Annual Meeting of the Association for Computational Linguistics (Volume 1: Long Papers)},
    author = {Bao, Junwei and Duan, Nan and Zhou, Ming and Zhao, Tiejun},
    pages = {967--976},
    url = {http://acl2014.org/acl2014/P14-1/pdf/P14-1091.pdf http://aclweb.org/anthology/P14-1091},
    isbn = {9781937284725},
    doi = {10.3115/v1/P14-1091}
}

@article{Han2013LexicalText,
    title = {{Lexical normalization for social media text}},
    year = {2013},
    journal = {ACM Transactions on Intelligent Systems and Technology},
    author = {Han, Bo and Cook, Paul and Baldwin, Timothy},
    number = {1},
    pages = {1--27},
    volume = {4},
    url = {http://dl.acm.org/citation.cfm?doid=2414425.2414430},
    isbn = {1556-4681},
    doi = {10.1145/2414425.2414430},
    issn = {21576904},
    arxivId = {1005.3014}
}

@article{Sutskever2014SequenceNetworks,
    title = {{Sequence to Sequence Learning with Neural Networks}},
    year = {2014},
    journal = {Nips},
    author = {Sutskever, Ilya and Vinyals, Oriol and Le, Quoc V},
    pages = {9},
    url = {https://arxiv.org/pdf/1409.3215.pdf http://arxiv.org/abs/1409.3215},
    isbn = {1409.3215},
    doi = {10.1007/s10107-014-0839-0},
    issn = {09205691},
    pmid = {2079951},
    arxivId = {1409.3215}
}

@article{Cho2014LearningTranslation,
    title = {{Learning Phrase Representations using RNN Encoder-Decoder for Statistical Machine Translation}},
    year = {2014},
    journal = {Proceedings of International Conference on Frontiers in Handwriting Recognition, ICFHR},
    author = {Cho, Kyunghyun and van Merrienboer, Bart and Gulcehre, Caglar and Bahdanau, Dzmitry and Bougares, Fethi and Schwenk, Holger and Bengio, Yoshua},
    month = {6},
    pages = {279--284},
    volume = {2014-Decem},
    url = {http://arxiv.org/abs/1406.1078},
    isbn = {9781937284961},
    doi = {10.3115/v1/D14-1179},
    issn = {09205691},
    pmid = {2079951},
    arxivId = {1406.1078},
    keywords = {GPU, batch-training, handwriting recognition, recurrent neural networks}
}

@article{Stroh2016QuestionLearning,
    title = {{Question Answering Using Deep Learning}},
    year = {2016},
    journal = {Stanford edu},
    author = {Stroh, Eylon and Mathur, Priyank},
    pages = {1--12},
    url = {https://cs224d.stanford.edu/reports/StrohMathur.pdf},
    doi = {10.13140/RG.2.2.20892.69767}
}

@article{Das2017QuestionNetworks,
    title = {{Question Answering on Knowledge Bases and Text using Universal Schema and Memory Networks}},
    year = {2017},
    author = {Das, Rajarshi and Zaheer, Manzil and Reddy, Siva and McCallum, Andrew},
    url = {http://arxiv.org/abs/1704.08384},
    isbn = {9781945626760},
    doi = {10.18653/v1/P17-2057},
    arxivId = {1704.08384}
}

@article{Bordes2014QuestionEmbeddings,
    title = {{Question Answering with Subgraph Embeddings}},
    year = {2014},
    author = {Bordes, Antoine and Chopra, Sumit and Weston, Jason},
    url = {http://arxiv.org/abs/1406.3676},
    isbn = {1406.3676},
    doi = {10.3115/v1/D14-1067},
    arxivId = {1406.3676}
}

@misc{Phuong2018AVietnamese,
    title = {{A Factoid Question Answering System for Vietnamese}},
    year = {2018},
    author = {Phuong, Le Hong and Thien, Bui Duc},
    isbn = {9781450335492},
    doi = {10.1145/nnnnnnn.nnnnnnn},
    issn = {16130073},
    pmid = {397311},
    arxivId = {arXiv:1703.01442v1}
}

@article{MisloveYouNetworks,
    title = {{You Are Who You Know: Inferring User Profiles in Online Social Networks}},
    author = {Mislove, Alan and Viswanath, Bimal and Gummadi, Krishna P and Druschel, Peter},
    url = {https://mislove.org/publications/Inferring-WSDM.pdf},
    keywords = {J4 [Computer Applications], Measurement Keywords Social networks, Online In-formation Services—Web-based services, communities, inferring attributes}
}

@article{LiSentenceStatistics,
    title = {{Sentence Similarity Based on Semantic Nets and Corpus Statistics}},
    author = {Li, Yuhua and Mclean, David and Bandar, Zuhair A and O 'shea, James D and Crockett, Keeley},
    url = {http://ants.iis.sinica.edu.tw/3BkMJ9lTeWXTSrrvNoKNFDxRm3zFwRR/55/Sentence%20Similarity%20Based%20on%20Semantic%20Nets%20and%20corpus%20statistics.pdf},
    keywords = {Index Terms—Sentence similarity, corpus, natural language processing, semantic nets, word similarity}
}

@article{Patil2014GraphOverview,
    title = {{Graph Databases- An Overview}},
    year = {2014},
    journal = {International Journal of Computer Science and Information Technologies},
    author = {Patil, Shefali and Vaswani, Gaurav and Bhatia, Anuradha},
    number = {1},
    pages = {657--660},
    volume = {5},
    url = {www.ijsit.com},
    keywords = {application areas, data in a visual, distributed databases, generic form of storing, graph databases, graph models, graphs are the most, i, i ntroduction - g, key value databases, raphs}
}